%% This BibTeX bibliography file was created using BibDesk.
%% http://bibdesk.sourceforge.net/


%% Created for Lauro Cesar Araujo at 2013-04-05 08:03:49 -0300 


%% Saved with string encoding Unicode (UTF-8) 



@misc{smartphone-history-pictures,
	Author = {Telegraph},
	Date-Added = {2016-10-07 16:59:00 +0000},
	Date-Modified = {2016-10-07 16:59:00 +0000},
	Howpublished = {Telegraph},
	Keywords = {pictures, smartphone, history},
	Title = {20 years of the smartphone: an evolution in pictures},
	Url = {http://www.telegraph.co.uk/technology/mobile-phones/11037225/20-years-of-the-smartphone-an-evolution-in-pictures.html},
	Urlaccessdate = {7.10.2016},
	Year = {2014},
	Bdsk-Url-1 = {http://www.telegraph.co.uk/technology/mobile-phones/11037225/20-years-of-the-smartphone-an-evolution-in-pictures.html}}

@misc{smartphone-numbers,
	Author = {Meio\&Mensagem},
	Date-Added = {2016-10-07 17:55:00 +0000},
	Date-Modified = {2016-10-07 17:55:00 +0000},
	Howpublished = {Meio\&Mensagem},
	Keywords = {smartphone},
	Title = {Brasil é o 6º País em número de smartphones},
	Url = {http://www.meioemensagem.com.br/home/marketing/2015/01/06/brasil-e-o-6-pais-em-numero-de-smartphones.html},
	Urlaccessdate = {7.10.2016},
	Year = {2015},
	Bdsk-Url-1 = {http://www.meioemensagem.com.br/home/marketing/2015/01/06/brasil-e-o-6-pais-em-numero-de-smartphones.html}}
	
@misc{beacon-how-it-works-estimote,
	Author = {Wojtek Borowicz},
	Date-Added = {2016-10-09 09:37:00 +0000},
	Date-Modified = {2016-10-09 09:37:00 +0000},
	Howpublished = {Estimote},
	Keywords = {article, beacon, bluetooth},
	Title = {How do beacons work? The physics of beacon tech},
	Url = {http://blog.estimote.com/post/106913675010/how-do-beacons-work-the-physics-of-beacon-tech},
	Urlaccessdate = {9.10.2016},
	Year = {2015},
	Bdsk-Url-1 = {http://blog.estimote.com/post/106913675010/how-do-beacons-work-the-physics-of-beacon-tech}}

@misc{beacon-what-is-it-forbes,
	Author = {H.O. Maycotte},
	Date-Added = {2016-10-07 16:59:00 +0000},
	Date-Modified = {2016-10-07 16:59:00 +0000},
	Howpublished = {Forbes},
	Keywords = {article, beacon, bluetooth},
	Title = {Beacon Technology: The Where, What, Who, How and Why},
	Url = {http://www.forbes.com/sites/homaycotte/2015/09/01/beacon-technology-the-what-who-how-why-and-where/#6ee993a94fc1},
	Urlaccessdate = {7.10.2016},
	Year = {2015},
	Bdsk-Url-1 = {http://www.forbes.com/sites/homaycotte/2015/09/01/beacon-technology-the-what-who-how-why-and-where/#6ee993a94fc1}}
	
@misc{beacon-apple-store-case,
	Author = {Liam Tung},
	Date-Added = {2016-10-07 17:06:00 +0000},
	Date-Modified = {2016-10-07 17:06:00 +0000},
	Howpublished = {ZDNet},
	Keywords = {article, beacon, bluetooth},
	Title = {Apple launches iBeacon in 254 stores to streamline shopping experience},
	Url = {http://www.zdnet.com/article/apple-launches-ibeacon-in-254-stores-to-streamline-shopping-experience/},
	Urlaccessdate = {7.10.2016},
	Year = {2013},
	Bdsk-Url-1 = {http://www.zdnet.com/article/apple-launches-ibeacon-in-254-stores-to-streamline-shopping-experience/}}
	
@misc{beacon-devices-estimate-2018,
	Author = {John Coombs},
	Date-Added = {2016-10-07 17:24:00 +0000},
	Date-Modified = {2016-10-07 17:24:00 +0000},
	Howpublished = {The Rover Blog},
	Keywords = {article, beacon, bluetooth},
	Title = {The Straight Goods on Bluetooth: How Many Consumers Have it on?},
	Url = {http://blog.roverlabs.co/post/117195525589/the-straight-goods-on-bluetooth-how-many},
	Urlaccessdate = {7.10.2016},
	Year = {2013},
	Bdsk-Url-1 = {http://blog.roverlabs.co/post/117195525589/the-straight-goods-on-bluetooth-how-many}}
	
@misc{beacon-sensors-easy-kontakt,
	Author = {Agnieszka Gasiorek},
	Date-Added = {2016-10-07 17:32:00 +0000},
	Date-Modified = {2016-10-07 17:32:00 +0000},
	Howpublished = {Kontakt},
	Keywords = {article, beacon, bluetooth, sensors},
	Title = {Adding Sensors to Beacons is Easy, Not Impressive. Here’s Why.},
	Url = {https://kontakt.io/blog/adding-sensors-beacons-easy-impressive-heres/},
	Urlaccessdate = {7.10.2016},
	Year = {2014},
	Bdsk-Url-1 = {https://kontakt.io/blog/adding-sensors-beacons-easy-impressive-heres/}}

@misc{beacon-basic-hardware,
	Author = {Ananth Kumar},
	Date-Added = {2016-10-07 17:40:00 +0000},
	Date-Modified = {2016-10-07 17:40:00 +0000},
	Howpublished = {SlideShare},
	Keywords = {presentation, beacon, bluetooth, sensors},
	Title = {Beacon Presentation},
	Url = {http://www.slideshare.net/AnanthKumar51/beacon-59979164},
	Urlaccessdate = {7.10.2016},
	Year = {2016},
	Bdsk-Url-1 = {http://www.slideshare.net/AnanthKumar51/beacon-59979164}}

@misc{footnote-ssl,
	Author = {Wikipedia},
	Date-Added = {2016-10-09 17:04:00 +0000},
	Date-Modified = {2016-10-09 17:04:00 +0000},
	Howpublished = {Wikipedia},
	Keywords = {ssl, security},
	Title = {Transport Layer Security},
	Url = {https://en.wikipedia.org/wiki/Transport_Layer_Security},
	Urlaccessdate = {9.10.2016},
	Year = {2016},
	Bdsk-Url-1 = {https://en.wikipedia.org/wiki/Transport_Layer_Security}}
	
@misc{footnote-json,
	Author = {JSON.org},
	Date-Added = {2016-10-09 17:07:00 +0000},
	Date-Modified = {2016-10-09 17:07:00 +0000},
	Howpublished = {JSON.org},
	Keywords = {json},
	Title = {JSON},
	Url = {http://www.json.org},
	Urlaccessdate = {9.10.2016},
	Year = {2016},
	Bdsk-Url-1 = {http://www.json.org}}
	
@misc{footnote-api,
	Author = {Wikipedia},
	Date-Added = {2016-10-09 17:11:00 +0000},
	Date-Modified = {2016-10-09 17:11:00 +0000},
	Howpublished = {Wikipedia},
	Keywords = {API},
	Title = {Application programming interface},
	Url = {https://en.wikipedia.org/wiki/Application_programming_interface},
	Urlaccessdate = {9.10.2016},
	Year = {2016},
	Bdsk-Url-1 = {https://en.wikipedia.org/wiki/Application_programming_interface}}

@misc{swift-about,
	Author = {Swift.org},
	Date-Added = {2016-10-09 17:20:00 +0000},
	Date-Modified = {2016-10-09 17:20:00 +0000},
	Howpublished = {Swift.org},
	Keywords = {swift, ios},
	Title = {Swift.org - About Swift},
	Url = {https://swift.org/about/#swiftorg-and-open-source},
	Urlaccessdate = {9.10.2016},
	Year = {2016},
	Bdsk-Url-1 = {https://swift.org/about/#swiftorg-and-open-source}}

@misc{cloud-computing-about,
	Author = {CSC Tecnologia},
	Date-Added = {2016-10-09 17:57:00 +0000},
	Date-Modified = {2016-10-09 17:57:00 +0000},
	Howpublished = {CSC Tecnologia},
	Keywords = {cloud},
	Title = {O que é Cloud Computing?},
	Url = {http://www.csc.com/pt/offerings/63346-o_que_é_o_cloud_computing},
	Urlaccessdate = {9.10.2016},
	Year = {2016},
	Bdsk-Url-1 = {http://www.csc.com/pt/offerings/63346-o_que_é_o_cloud_computing}}
